@online{il-wikipedia,
	title = {Intermediate Language - Wikipedia},
	url = {https://en.wikipedia.org/wiki/Intermediate_language},
	year = {2015},
}
@online{r2esil,
	author = {Radare2 Team},
	title = {ESIL description},
	year = {2015},
	url = {https://github.com/radare/radare2book/blob/master/esil.md},
}
@online{r2esil-instruction-set,
	author = {Radare2 Team},
	title = {ESIL Instruction Set},
	year = {2015},
	url = {https://github.com/radare/radare2book/blob/master/esil.md#esil-instruction-set},
}
@online{r2gsoc2017,
	author = {Radare2 Team},
	title = {GSoC 2017},
	year = {2017},
	url = {http://radare.org/gsoc/2017},
}
@online{r2rsoc2017,
	author = {Radare2 Team},
	title = {RSoC 2017},
	year = {2017},
	url = {http://radare.org/rsoc/2017},
}
@online{r2gsoc2017ideas,
	author = {Radare2 Team},
	title = {GSoC 2017 Tasks},
	year = {2017},
	url = {http://radare.org/gsoc/2017/ideas.html},
}
@online{r2gsoc2017ideasgdb,
	author = {Radare2 Team},
	title = {GSoC 2017 Tasks - GDB server and protocol},
	year = {2017},
	url = {http://radare.org/gsoc/2017/ideas.html#title_2},
}
@online{r2gsoc2017ideaswindows,
	author = {Radare2 Team},
	title = {GSoC 2017 Tasks - Windows platform support},
	year = {2017},
	url = {http://radare.org/gsoc/2017/ideas.html#title_5},
}
@online{r2gsoc2017blog,
	author = {Radare2 Team},
	title = {GSoC 2017 accepted projects},
	year = {2017},
	url = {http://radare.today/posts/gsoc_2017_selection/},
}
@online{r2gdbmigration,
	author = {Radare2 Team},
	title = {Migration from IDA Pro, GDB or WinDbg},
	year = {2017},
	url = {https://github.com/radare/radare2/wiki/Migration-from-ida,-GDB-or-WinDBG},
}
@online{r2bookdisasm,
	author = {Radare Team},
	title = {R2 Book - Disassembly},
	year = {2017},
	url = {https://radare.gitbooks.io/radare2book/content/disassembling/intro.html},
}
@online{r2bookdebug,
	author = {Radare Team},
	title = {R2 Book - Debugger},
	year = {2017},
	url = {https://radare.gitbooks.io/radare2book/content/debugger/intro.html},
}
@online{r2bookwrite,
	author = {Radare Team},
	title = {R2 Book - Basic Commands - Write},
	year = {2017},
	url = {https://radare.gitbooks.io/radare2book/content/basic_commands/write.html},
}
@online{r2booksearch,
	author = {Radare Team},
	title = {R2 Book - Searching},
	year = {2017},
	url = {https://radare.gitbooks.io/radare2book/content/search_bytes/intro.html},
}
@online{r2bookscript,
	author = {Radare Team},
	title = {R2 Book - Scripting},
	year = {2017},
	url = {https://radare.gitbooks.io/radare2book/content/scripting/intro.html},
}
@online{r2windbg,
	author = {Radare2 Team},
	title = {WinDbg protocol parser},
	year = {2015},
	url = {https://github.com/radare/radare2/blob/master/shlr/windbg},
}
@online{r2pipe,
	author = {Radare2 Team},
	title = {R2pipe repository},
	year = {2015},
	url = {https://github.com/radare/radare2-r2pipe},
}
@online{frida,
	title = {Frida},
	url = {http://frida.re},
	year = {2015},
}
@online{r2frida,
	title = {r2frida},
	url = {https://github.com/NowSecure/r2frida},
	year = {2016},
}
@online{r2angr,
	author = {Radare2 Team},
	title = {r2angr},
	year = {2017},
	url = {https://github.com/radare/radare2-extras/blob/master/r2angr},
}
@misc{ida-ipython,
	author = {james91b},
	title = {An IDA Pro plugin for embedding IPython kernel},
	year = {2016},
	publisher = {GitHub},
	journal = {GitHub repository},
	howpublished = {\url{https://github.com/james91b/ida_ipython}},
}
@online{jupyter,
	title = {Jupyter Notebook},
	url = {http://jupyter.org},
	year = {2015},
}
@online{sark-ida,
	title = {Sark - Object oriented scripting for IDAPython},
	url = {http://sark.readthedocs.io/en/latest},
	year = {2016},
}
@misc{fcd-github,
	author = {Felix Cloutier},
	title = {FCD - An Optimising Decompiler},
	year = {2017},
	publisher = {GitHub},
	journal = {GitHub repository},
	howpublished = {\url{https://github.com/zneak/fcd}},
}
@misc{eresi-framework,
	author = {Rafal Lesniak},
	title = {ERESI framework},
	year = {2016},
	publisher = {GitHub},
	journal = {GitHub repository},
	howpublished = {\url{https://github.com/thorkill/eresi}},
}
@online{eresi-elfsh,
	title = {The ELF shell},
	url = {https://github.com/thorkill/eresi/wiki/TheELFsh},
	year = {2016},
}
@misc{radare2,
	author = {Radare2 Team},
	title = {Radare2 GitHub repository},
	year = {2017},
	publisher = {GitHub},
	journal = {GitHub repository},
	howpublished = {\url{https://github.com/radare/radare2}},
}
@misc{radeco-lib,
	author = {Radare2 Team},
	title = {Radeco library GitHub repository},
	year = {2017},
	publisher = {GitHub},
	journal = {GitHub repository},
	howpublished = {\url{https://github.com/radare/radeco-lib}},
}
@misc{collabreate,
	author = {Cris Eagle},
	title = {CollabREate collaborative RE engine},
	year = {2015},
	publisher = {GitHub},
	journal = {GitHub repository},
	howpublished = {\url{https://github.com/cseagle/collabREate}},
}
@online{solidarity,
	title = {Sol[IDA]rity},
	url = {https://solidarity.re},
	year = {2016},
}
@online{msgpack,
	title = {Msgpack binary serialization protocol},
	url = {http://msgpack.org},
	year = {2017},
}
@online{serialice,
	title = {SerialICE},
	url = {https://www.serialice.com},
	year = {2016},
}
@misc{s2e-github,
	author = {Ecole Polytechnique Federale De Lausanne},
	title = {{S$^{2}$E}: A Platform for In-Vivo Multi-Path Software Analysis},
	year = {2016},
	publisher = {GitHub},
	journal = {GitHub repository},
	howpublished = {\url{https://github.com/dslab-epfl/s2e}},
}
@misc{panda2,
	author = {Brendan Dolan-Gavitt},
	title = {PANDA 2 is a Platform for Architecture-Neutral Dynamic Analysis},
	year = {2017},
	publisher = {GitHub},
	journal = {GitHub repository},
	howpublished = {\url{https://github.com/panda-re/panda}},
}
@article{ramblr,
	author = {Ruoyu Wang, Yan Shoshitashvili, and Antonio Bianchi and others},
	title = {Ramblr: Making Reassembly Great Again},
	year = {2017},
	howpublished = {\url{https://seclab.cs.ucsb.edu/media/uploads/papers/ramblr-ndss17.pdf}},
}
@article{tie,
	author = {JongHyup Lee, Thanassis Avgerinos and David Brumley},
	title = {TIE: Princpled Reverse Engineering of Types in Binary Programs},
	year = {2011},
	howpublished = {\url{https://www.internetsociety.org/sites/default/files/lee.pdf}}
}
@article{retypd,
	author = {Matthew Noonan, Alexey Loginov and David Cok},
	title = {Polymorphic Type Inference for Machine Code},
	year = {2016},
	howpublished = {\url{https://arxiv.org/pdf/1603.05495.pdf}}
}
@online{kaitai,
	title = {Kaitai Struct - binary parsers generator},
	url = {http://kaitai.io},
	year = {2016},
}
@article{reautomation-ml,
	author = {Blake Anderson, Curtis Storlie, Micah Yates and Aaron McPhall},
	title = {Automating Reverse Engineering with Machine Learning Techniques},
	year = {2014},
	doi = {10.1145/2666652.2666665},
}

